@Book{dcr,
 author    = "Stephen  {Hulley} and Steven {Cummings} and Warren {Browner} and Deborah {Grady} and Norman {Hearst}",
 title     = "Designing Clinical Research",
 publisher = "Lippincott Williams and Wilkins",
 year      =  2013,
pages = "56"
}
