@article{Cohen2008,
  doi = {10.1038/ijo.2008.250},
  url = {http://dx.doi.org/10.1038/ijo.2008.250},
  year  = {2008},
  month = {dec},
  publisher = {Nature Publishing Group},
  volume = {32},
  pages = {S137--S142},
  author = {DA Cohen},
  title = {Obesity and the built environment: changes in environmental cues cause energy imbalances},
  journal = {Int J Obes Relat Metab Disord}
}

@article{Derose2014,
  doi = {10.1016/j.ypmed.2014.03.019},
  url = {http://dx.doi.org/10.1016/j.ypmed.2014.03.019},
  year  = {2014},
  month = {jul},
  publisher = {Elsevier {BV}},
  volume = {64},
  pages = {14--19},
  author = {KP Derose, T Marsh, M Mariscal S Pina-Cortez, DA Cohen},
  title = {Involving community stakeholders to increase park use and physical activity},
  journal = {Preventive Medicine}
}

@article{Cohen2008b,
  doi = {10.2337/db08-0163},
  url = {http://dx.doi.org/10.2337/db08-0163},
  year  = {2008},
  month = {jul},
  publisher = {American Diabetes Association},
  volume = {57},
  number = {7},
  pages = {1768--1773},
  author = {DA Cohen},
  title = {Neurophysiological Pathways to Obesity: Below Awareness and Beyond Individual Control},
  journal = {Diabetes}
}

@book{Pearce2010,
  doi = {10.2337/db08-0163},
  url = {http://books.google.com/books?id=odX_G6mzK1YC&dq=broken+windows+obesity},
  year  = {2010},
  publisher = {Ashgate Publishing Ltd.},
  editor = {J Pearce, K Witten},
  title = {Geograpies of Obesity: Environmental Understandings of the Obesity Epidemicl},
}

@article{Sallis2012,
  doi = {10.1161/circulationaha.110.969022},
  url = {http://dx.doi.org/10.1161/CIRCULATIONAHA.110.969022},
  year  = {2012},
  month = {feb},
  publisher = {Ovid Technologies (Wolters Kluwer Health)},
  volume = {125},
  number = {5},
  pages = {729--737},
  author = {JF Sallis and MF Floyd and DA Rodriguez and BE Saelens},
  title = {Role of Built Environments in Physical Activity,  Obesity,  and Cardiovascular Disease},
  journal = {Circulation}
}

@article{Sallis2009,
  doi = {10.1016/j.amepre.2009.01.002},
  url = {http://dx.doi.org/10.1016/j.amepre.2009.01.002},
  year  = {2009},
  month = {apr},
  publisher = {Elsevier {BV}},
  volume = {36},
  number = {4},
  pages = {S86--S92},
  author = {JF Sallis},
  title = {Measuring Physical Activity Environments},
  journal = {American Journal of Preventive Medicine}
}

@article{Sallis2010,
  doi = {10.1097/phh.0b013e3181d52804},
  url = {http://dx.doi.org/10.1097/PHH.0b013e3181d52804},
  year  = {2010},
  publisher = {Ovid Technologies (Wolters Kluwer Health)},
  volume = {16},
  number = {5},
  pages = {404--410},
  author = {JF Sallis},
  title = {Measuring Physical Activity},
  journal = {Journal of Public Health Management and Practice}
}

@article{Sallis2009,
  doi = {10.1111/j.1468-0009.2009.00550.x},
  url = {http://dx.doi.org/10.1111/j.1468-0009.2009.00550.x},
  year  = {2009},
  month = {mar},
  publisher = {Wiley-Blackwell},
  volume = {87},
  number = {1},
  pages = {123--154},
  author = {JF Sallis and K Glanz},
  title = {Physical Activity and Food Environments: Solutions to the Obesity Epidemic},
  journal = {Milbank Quarterly}
}