@article{Myslobodsky2010,
  doi = {10.2174/157015910791233213},
  url = {http://dx.doi.org/10.2174/157015910791233213},
  year  = {2010},
  month = {jun},
  publisher = {Bentham Science Publishers Ltd.},
  volume = {8},
  number = {2},
  pages = {149--160},
  author = {M. Myslobodsky and A. Eldan},
  title = {Winning a Won Game: Caffeine Panacea for Obesity Syndemic},
  journal = {{CN}}
}

@article{Lee2014,
  doi = {10.1016/j.psyneuen.2014.05.015},
  url = {http://dx.doi.org/10.1016/j.psyneuen.2014.05.015},
  year  = {2014},
  month = {sep},
  publisher = {Elsevier {BV}},
  volume = {47},
  pages = {166--177},
  author = {T. Kevin Lee and Caroline Lee and Robert Bischof and Gavin W. Lambert and Iain J. Clarke and Belinda A. Henry},
  title = {Stress-induced behavioral and metabolic adaptations lead to an obesity-prone phenotype in ewes with elevated cortisol responses},
  journal = {Psychoneuroendocrinology}
}

@article{vonHippel2014,
  doi = {10.2105/ajph.2013.301838},
  url = {http://dx.doi.org/10.2105/AJPH.2013.301838},
  year  = {2014},
  month = {jul},
  publisher = {American Public Health Association},
  volume = {104},
  number = {7},
  pages = {1287--1293},
  author = {Paul von Hippel and Rebecca Benson},
  title = {Obesity and the Natural Environment Across {US} Counties},
  journal = {Am J Public Health}
}

@article{Chang2014,
  doi = {10.1097/hjh.0000000000000418},
  url = {http://dx.doi.org/10.1097/HJH.0000000000000418},
  year  = {2014},
  publisher = {Ovid Technologies (Wolters Kluwer Health)},
  pages = {1},
  author = {Ta-Yuan Chang and Chiu-Shong Liu and Bing-Fang Hwang and Hsiu-Hui Hsieh and Bo-Ying Bao and Chiou-Jong Chen and Ven-Shing Wang and Jim-Shoung Lai},
  title = {Acute effects of noise exposure on 24-h ambulatory blood pressure in hypertensive adults},
  journal = {Journal of Hypertension}
}

@article{Brew2014,
  url = {https://github.com/joebrew/fdoh/blob/master/public/obesity/obesityKeri.pdf?raw=true},
  year  = {2014},
  publisher = {FDOH-Alachua County (internal)},
  pages = {1},
  author = {Jennifer Baker and Joe Brew and Keri White},
  title = {Quantifying overweight and obesity among Alachua County adults and children},
  journal = {CHIP Program Evaluation Team Reports}
}

@article{Li2014,
  doi = {10.1111/cch.12204},
  url = {http://dx.doi.org/10.1111/cch.12204},
  year  = {2014},
  month = {oct},
  publisher = {Wiley-Blackwell},
  pages = {n/a--n/a},
  author = {Y. Li and L. E. Robinson and W. M. Carter and R. Gupta},
  title = {Childhood obesity and community food environments in Alabama{\textquotesingle}s Black Belt region},
  journal = {Child: Care,  Health and Development}
}

@article{Fardet2014,
  doi = {10.3945/an.114.006122},
  url = {http://dx.doi.org/10.3945/an.114.006122},
  year  = {2014},
  month = {jul},
  publisher = {American Society for Nutrition},
  volume = {5},
  number = {4},
  pages = {430--446},
  author = {A. Fardet and E. Rock},
  title = {Toward a New Philosophy of Preventive Nutrition: From a Reductionist to a Holistic Paradigm to Improve Nutritional Recommendations},
  journal = {Advances in Nutrition: An International Review Journal}
}

@article{Lawman2014,
  doi = {10.1002/oby.20928},
  url = {http://dx.doi.org/10.1002/oby.20928},
  year  = {2014},
  month = {oct},
  publisher = {Wiley-Blackwell},
  pages = {n/a--n/a},
  author = {Hannah G. Lawman and Giridhar Mallya and Stephanie Vander Veur and Tara McCoy and Lisa Colby and Tim Sanders and Judith Wylie-Rosett and Gary D. Foster},
  title = {Trends in relative weight over 1 year in low-income urban youth},
  journal = {Obesity}
}

@article{Graef2014,
  doi = {10.5664/jcsm.4112},
  url = {http://dx.doi.org/10.5664/jcsm.4112},
  year  = {2014},
  month = {oct},
  publisher = {American Academy of Sleep Medicine ({AASM})},
  author = {Danielle M. Graef and David M. Janicke and Christina S. McCrae},
  title = {Sleep Patterns of a Primarily Obese Sample of Treatment-Seeking Children},
  journal = {Journal of Clinical Sleep Medicine}
}

@article{Buchtal2014,
  url = {http://www.ncbi.nlm.nih.gov/pmc/articles/PMC4203455/},
  year  = {2014},
  month = {oct},
  publisher = {American Academy of Sleep Medicine ({AASM})},
  author = {Vanessa Buchtal},
  title = {Is the Gap Growing? Patterns in Poverty-related Disparities in Nutrition and Physical Activity in Hawaiâ€˜i},
  journal = {Hawaii J Med Public Health}
}

@article{Tamashiro2007,
  url = {http://www.ncbi.nlm.nih.gov/pmc/articles/PMC1986729/pdf/nihms-27475.pdf},
  year  = {2007},
  month = {jul},
  publisher = {Physiological Behavior},
  author = {Kellie L. K. Tamashiro and Maria A. Hegeman and Mary M. N. Nguyen and Susan J. Melhorn and Li Yun
Ma and Stephen C. Woods and Randall R. Sakai
},
  title = {Dynamic body weight and body composition changes in response
to subordination stressi},
  journal = {Physiological Behavior}
}

@article{Tovar2012,
  doi = {10.1186/1471-2393-12-133},
  url = {http://dx.doi.org/10.1186/1471-2393-12-133},
  year  = {2012},
  publisher = {Springer Science $\mathplus$ Business Media},
  volume = {12},
  number = {1},
  pages = {133},
  author = {Alison Tovar and Lisa Chasan-Taber and Odilia I Bermudez and Raymond R Hyatt and Aviva Must},
  title = {Acculturation and gestational weight gain in a predominantly puerto rican population},
  journal = {{BMC} Pregnancy and Childbirth}
}

@article{Young2012,
  doi = {10.3945/an.112.002238},
  url = {http://dx.doi.org/10.3945/an.112.002238},
  year  = {2012},
  month = {sep},
  publisher = {American Society for Nutrition},
  volume = {3},
  number = {5},
  pages = {675--686},
  author = {B. E. Young and S. L. Johnson and N. F. Krebs},
  title = {Biological Determinants Linking Infant Weight Gain and Child Obesity: Current Knowledge and Future Directions},
  journal = {Advances in Nutrition: An International Review Journal}
}

@article{Spraggins2011,
  doi = {10.1089/chi.2011.0109},
  url = {http://dx.doi.org/10.1089/chi.2011.0109},
  year  = {2011},
  month = {feb},
  publisher = {Mary Ann Liebert Inc},
  volume = {7},
  number = {1},
  pages = {36--37},
  author = {Tiffany Spraggins},
  title = {Creating an Atmosphere of Opportunity},
  journal = {Childhood Obesity (Formerly Obesity and Weight Management)}
}