@article{Lima2013,
  doi = {10.1590/s1413-81232013000800029},
  url = {http://dx.doi.org/10.1590/S1413-81232013000800029},
  year  = {2013},
  publisher = {{FapUNIFESP} ({SciELO})},
  volume = {18},
  number = {8},
  pages = {2443--2452},
  author = {Marina Clarissa Barros de Melo Lima and Genyklea Silva de Oliveira and Cl{\'{e}}lia de Oliveira Lyra and Angelo Giuseppe Roncalli and Maria Angela Fernandes Ferreira},
  title = {A desigualdade espacial do Baixo Peso ao Nascer no Brasil},
  journal = {Ci{\^{e}}ncia {\&} Sa{\'{u}}de Coletiva}
}

@article{Vaag2014,
  doi = {10.1111/aogs.12494},
  url = {http://dx.doi.org/10.1111/aogs.12494},
  year  = {2014},
  month = {sep},
  publisher = {Wiley-Blackwell},
  volume = {93},
  number = {11},
  pages = {1099--1108},
  author = {Allan Vaag and Charlotte Br{\o}ns and Linn Gillberg and Ninna S. Hansen and Line Hjort and Geeti P. Arora and Nihal Thomas and Christa Broholm and Rasmus Ribel-Madsen and Louise G. Grunnet},
  title = {Genetic,  nongenetic and epigenetic risk determinants in developmental programming of type 2 diabetes},
  journal = {Acta Obstetricia et Gynecologica Scandinavica}
}

@article{LogginsClay2014,
  doi = {10.1111/jpc.12735},
  url = {http://dx.doi.org/10.1111/jpc.12735},
  year  = {2014},
  month = {oct},
  publisher = {Wiley-Blackwell},
  pages = {n/a--n/a},
  author = {Shondra Loggins Clay and Flavia Cristina Drumond Andrade},
  title = {Role of stress in low birthweight disparities between Black and White women: A population-based study},
  journal = {J Paediatr Child Health}
}
