@Book{cdc,
 author    = "U.S. Department of Health and Human Services Centers for Disease Control and Prevention",
 title     = "Introduction to program evaluation for public health programs: A self-study guide",
 publisher = "Office of the Director, Office of Strategy and Innovation",
 year      =  2011
}

@article{CotesCantillo2014,
  doi = {10.1016/j.vaccine.2014.03.064},
  url = {http://dx.doi.org/10.1016/j.vaccine.2014.03.064},
  year  = {2014},
  month = {may},
  publisher = {Elsevier {BV}},
  volume = {32},
  number = {25},
  pages = {3035--3040},
  author = {Karol Cotes-Cantillo and Angel Paternina-Caicedo and Wilfrido Coronell-Rodr{\'{\i}}guez and Nelson Alvis-Guzm{\'{a}}n and Umesh D. Parashar and Manish Patel and Fernando De la Hoz-Restrepo},
  title = {Effectiveness of the monovalent rotavirus vaccine in Colombia: A case-control study},
  journal = {Vaccine}
}
