@article{Gelman2013,
  doi = {10.1097/ede.0b013e31827886f7},
  url = {http://dx.doi.org/10.1097/EDE.0b013e31827886f7},
  year  = {2013},
  month = {jan},
  publisher = {Ovid Technologies (Wolters Kluwer Health)},
  volume = {24},
  number = {1},
  pages = {69--72},
  author = {Andrew Gelman},
  title = {P Values and Statistical Practice},
  journal = {Epidemiology}
}

@article{Goodman1999,
  doi = {10.7326/0003-4819-130-12-199906150-00008},
  url = {http://dx.doi.org/10.7326/0003-4819-130-12-199906150-00008},
  year  = {1999},
  month = {jun},
  publisher = {American College of Physicians},
  volume = {130},
  number = {12},
  pages = {995},
  author = {Steven N. Goodman},
  title = {Toward Evidence-Based Medical Statistics. 1: The P Value Fallacy},
  journal = {Annals of Internal Medicine}
}

@article{Greenland2007,
  doi = {10.1093/ije/dyl289},
  url = {http://dx.doi.org/10.1093/ije/dyl289},
  year  = {2007},
  month = {feb},
  publisher = {Oxford University Press ({OUP})},
  volume = {36},
  number = {1},
  pages = {195--202},
  author = {S. Greenland},
  title = {Bayesian perspectives for epidemiological research. {II}. Regression analysis},
  journal = {International Journal of Epidemiology}
}

@article{Rothman2014,
  doi = {10.1007/s11606-013-2755-z},
  url = {http://dx.doi.org/10.1007/s11606-013-2755-z},
  year  = {2014},
  month = {jan},
  publisher = {Springer Science $\mathplus$ Business Media},
  volume = {29},
  number = {7},
  pages = {1060--1064},
  author = {Kenneth J. Rothman},
  title = {Six Persistent Research Misconceptions},
  journal = {J {GEN} {INTERN} {MED}}
}

@article{Schuemie2013,
  doi = {10.1002/sim.5925},
  url = {http://dx.doi.org/10.1002/sim.5925},
  year  = {2013},
  month = {jul},
  publisher = {Wiley-Blackwell},
  volume = {33},
  number = {2},
  pages = {209--218},
  author = {Martijn J. Schuemie and Patrick B. Ryan and William DuMouchel and Marc A. Suchard and David Madigan},
  title = { Interpreting observational studies: why empirical calibration is needed to correct p -values },
  journal = {Statist. Med.}
}