@article{Budd2014,
  doi = {10.1097/01.naj.0000457410.83963.4b},
  url = {http://dx.doi.org/10.1097/01.NAJ.0000457410.83963.4b},
  year  = {2014},
  publisher = {Ovid Technologies (Wolters Kluwer Health)},
  pages = {1},
  author = {Geraldine M. Budd and Jane Anthony Peterson},
  title = {{CE}},
  journal = {{AJN},  American Journal of Nursing}
}

@article{Ogden2014,
  doi= {10.1001/jama.2014.732},
  url= {http://dx.doi.org/10.1001/jama.2014.732},
  year = {2014},
  month= {feb},
  publisher= {American Medical Association ({AMA})},
  volume= {311},
  number= {8},
  pages= {806},
  author= {C Ogden and M Carroll and B Kit, K Flegal},
  title= {Prevalence of Childhood and Adult Obesity in the United States, 2011-2012},
  journal= {{JAMA}}
}

@article{Bevelander2012,
  doi= {10.1016/j.appet.2012.02.003},
  url= {http://dx.doi.org/10.1016/j.appet.2012.02.003},
  year = {2012},
  month= {jun},
  publisher= {Elsevier {BV}},
  volume= {58},
  number= {3},
  pages= {864--872},
  author= {K Bevelander and J Doeschka \"{u}tz and Rutger C.M.E. Engels},
  title= {Social norms in food intake among normal weight and overweight x},
  journal= {Appetite}
}

@article{Mller2014,
  doi = {10.1371/journal.pone.0109184},
  url = {http://dx.doi.org/10.1371/journal.pone.0109184},
  year  = {2014},
  month = {oct},
  publisher = {Public Library of Science ({PLoS})},
  volume = {9},
  number = {10},
  pages = {e109184},
  author = {S M{\o}ller and T Ajslev and C Andersen and C Dalg{\aa}rd and I S{\o}rensen},
  editor = {Mohammad Ali},
  title = {Risk of Childhood Overweight after Exposure to Tobacco Smoking in Prenatal and Early Postnatal Life},
  journal = {{PLoS} {ONE}}
}

@article{Walton2014,
  doi = {10.1186/1471-2431-14-244},
  url = {http://dx.doi.org/10.1186/1471-2431-14-244},
  year  = {2014},
  publisher = {Springer Science $\mathplus$ Business Media},
  volume = {14},
  number = {1},
  pages = {244},
  author = {K Walton and J Simpson and G Darlington and J Haines},
  title = {Parenting stress: a cross-sectional analysis of associations with childhood obesity,  physical activity,  and {TV} viewing},
  journal = {{BMC} Pediatrics}
}

@article{Chin2013,
  doi= {10.2105/ajph.2012.301132},
  url= {http://dx.doi.org/10.2105/AJPH.2012.301132},
  year = {2013},
  month= {jul},
  publisher= {American Public Health Association},
  volume= {103},
  number= {7},
  pages= {1229--1234},
  author= {J Chin and D Ludwig},
  title= {Increasing Children's Physical Activity During School Recess Periods},
  journal= {Am J Public Health}
}


@article{Diesel2014,
  doi= {10.1111/mcn.12147},
  url= {http://dx.doi.org/10.1111/mcn.12147},
  year = {2014},
  month= {aug},
  publisher= {Wiley-Blackwell},
  pages= {n/a--n/a},
  author= {J Diesel and L Bodnar and N Day and C Larkby},
  title= {Childhood maltreatment and the risk of pre-pregnancy obesity and excessive gestational weight gain},
  journal= {Maternal {\&} Child Nutrition}
}

@article{Fan2014,
  doi= {10.1016/j.pedn.2014.07.009},
  url= {http://dx.doi.org/10.1016/j.pedn.2014.07.009},
  year = {2014},
  month= {jul},
  publisher= {Elsevier {BV}},
  author= {M Fan and YJin and J Khubchandani},
  title= {Overweight Misperception among Adolescents in the United States},
  journal= {Journal of Pediatric Nursing}
}

@article{Feeg2014,
  doi= {10.1016/j.pedn.2014.08.011},
  url= {http://dx.doi.org/10.1016/j.pedn.2014.08.011},
  year = {2014},
  month= {sep},
  publisher= {Elsevier {BV}},
  author= {V Feeg and L Candelaria and SKrenitsky-Korn and J Vessey},
  title= {The Relationship of Obesity and Weight Gain to Childhood Teasing},
  journal= {Journal of Pediatric Nursing}
}

@article{HillierBrown2014,
  doi= {10.1186/1471-2458-14-834},
  url= {http://dx.doi.org/10.1186/1471-2458-14-834},
  year = {2014},
  publisher= {Springer Science $\mathplus$ Business Media},
  volume= {14},
  number= {1},
  pages= {834},
  author= {F Hillier-Brown and C Bambra and J Cairns and A Kasim and H Moore and C Summerbell},
  title= {A systematic review of the effectiveness of individual, community and societal level interventions at reducing socioeconomic inequalities in obesity amongst children},
  journal= {{BMC}Public Health}
}

@article{Klein2010,
  doi= {10.1377/hlthaff.2009.0736},
  url= {http://dx.doi.org/10.1377/hlthaff.2009.0736},
  year = {2010},
  month= {mar},
  publisher= {Health Affairs (Project Hope)},
  volume= {29},
  number= {3},
  pages= {388--392},
  author= {J Klein and W Dietz},
  title= {Childhood Obesity: The New Tobacco},
  journal= {Health Affairs}
}

@article{Lpez2014,
  doi= {10.1590/1413-81232014196.01892013},
  url= {http://dx.doi.org/10.1590/1413-81232014196.01892013},
  year = {2014},
  publisher= {{FapUNIFESP}({SciELO})},
  volume= {19},
  number= {6},
  pages= {1721--1729},
  author= {J L{\'{o}}pez and J Ram{\'{\i}}rez and P S{\'{a}}nchez},
  title= {La otra cara de la obesidad: reflexiones para una aproximaci{\'{o}}n sociocultural},
  journal= {Ci{\^{e}}ncia {\&} Sa{\'{u}}de Coletiva}
}

@article{Prina2014,
  doi= {10.1016/j.jhealeco.2014.07.001},
  url= {http://dx.doi.org/10.1016/j.jhealeco.2014.07.001},
  year = {2014},
  month= {sep},
  publisher= {Elsevier {BV}},
  volume= {37},
  pages= {232--247},
  author= {S Prina and H Royer},
  title= {The importance of parental knowledge: Evidence from weight report cards in Mexico},
  journal= {Journal of Health Economics}
}

@article{Zilanawala2014,
  doi= {10.1038/ijo.2014.171},
  url= {http://dx.doi.org/10.1038/ijo.2014.171},
  year = {2014},
  month= {sep},
  publisher= {Nature Publishing Group},
  author= {A Zilanawala and P Davis-Kean and J Nazroo and A Sacker and S Simonton and Y Kelly},
  title= {Race/Ethnic Disparities in Early Childhood {BMI}, Obesity and Overweight in the {UK}and {US}},
  journal= {Int J Obes Relat Metab Disord}
}

@article{NIH,
	url= {http://www.nhlbi.nih.gov/research/reports/2007-child-obesity/index.htm#postmodel},
year = {2007},
month = {aug},
publisher = {National Heart, Lung and Blood Institute},
author = {Working Group on Future Research Directions in Childhood Obesity Prevention and Treatment},
title = {Future Research: Childhood Obesity Prevention and Treatment},
journal = {NIH}
}

@article{Pan2012,
  doi= {10.1001/jama.2012.108099},
  url= {http://dx.doi.org/10.1001/jama.2012.108099},
  year = {2012},
  month= {dec},
  publisher= {American Medical Association ({AMA})},
  volume= {308},
  number= {24},
  pages= {2563},
  author= {L Pan and H Blanck and B Sherry and K Dalenius and L Grummer-Strawn},
  title= {Trends in the Prevalence of Extreme Obesity Among {US}Preschool-Aged Children Living in Low-Income Families, 1998-2010},
  journal= {{JAMA}}
}

@article{Bonnet2014,
  doi = {10.1016/j.bone.2014.07.024},
  url = {http://dx.doi.org/10.1016/j.bone.2014.07.024},
  year  = {2014},
  month = {nov},
  publisher = {Elsevier {BV}},
  volume = {68},
  pages = {100--107},
  author = {N Bonnet and E Somm and C Rosen},
  title = {Diet and gene interactions influence the skeletal response to polyunsaturated fatty acids},
  journal = {Bone}
}

@article{Cohen2000,
  year  = {2000},
  month = {feb},
  publisher = {AJPH},
  volume = {90},
  number= {2},
  pages = {230--236},
  author = {D Cohen, S Spear, R Scribner, P Kissinger, K Mason, J Wildgen},
  title = {Broekn Windows and the Risk of Gonorrhea},
  journal = {Bone}
}

@article{OBrien2012,
  doi = {10.1007/s10464-012-9555-1},
  url = {http://dx.doi.org/10.1007/s10464-012-9555-1},
  year  = {2012},
  month = {nov},
  publisher = {Springer Science $\mathplus$ Business Media},
  volume = {51},
  number = {3-4},
  pages = {359--369},
  author = {D Tumminelli O'Brien and R Kauffman},
  title = {Broken Windows and Low Adolescent Prosociality: Not Cause and Consequence,  but Co-symptoms of Low Collective Efficacy},
  journal = {American Journal of Community Psychology}
}

@article{Gustafsson2014,
  doi = {10.2105/ajph.2013.301707},
  url = {http://dx.doi.org/10.2105/AJPH.2013.301707},
  year  = {2014},
  month = {may},
  publisher = {American Public Health Association},
  volume = {104},
  number = {5},
  pages = {904--910},
  author = {P Gustafsson and M San Sebastian and U Janlert and T Theorell and H Westerlund and A Hammarstr\"{o}m},
  title = {Life-Course Accumulation of Neighborhood Disadvantage and Allostatic Load: Empirical Integration of Three Social Determinants of Health Frameworks},
  journal = {Am J Public Health}
}

@article{Boggess2014,
  doi = {10.1016/j.ssresearch.2013.10.002},
  url = {http://dx.doi.org/10.1016/j.ssresearch.2013.10.002},
  year  = {2014},
  month = {jan},
  publisher = {Elsevier {BV}},
  volume = {43},
  pages = {168--183},
  author = {N Boggess and J Maskaly},
  title = {The spatial context of the disorder{\textendash}crime relationship in a study of Reno neighborhoods},
  journal = {Social Science Research}
}


@article{Kotabe2014,
  doi = {10.3389/fpsyg.2014.00606},
  url = {http://dx.doi.org/10.3389/fpsyg.2014.00606},
  year  = {2014},
  month = {jun},
  publisher = {Frontiers Media {SA}},
  volume = {5},
  author = {H Kotabe},
  title = {The world is random: a cognitive perspective on perceived disorder},
  journal = {Frontiers in Psychology}
}

@article{Levine2011,
  doi= {10.2337/db11-1118},
  url= {http://dx.doi.org/10.2337/db11-1118},
  year = {2011},
  month= {oct},
  publisher= {American Diabetes Association},
  volume= {60},
  number= {11},
  pages= {2667--2668},
  author= {J Levine},
  title= {Poverty and Obesity in the U.S.},
  journal= {Diabetes}
}


@article{Taveras2010,
  doi= {10.1542/peds.2009-2100},
  url= {http://dx.doi.org/10.1542/peds.2009-2100},
  year = {2010},
  month= {mar},
  publisher= {American Academy of Pediatrics ({AAP})},
  volume= {125},
  number= {4},
  pages= {686--695},
  author= {E Taveras and M Gillman and K Kleinman and J  Rich-Edwards and S  Rifas-Shiman},
  title= {Racial/Ethnic Differences in Early-Life Risk Factors for Childhood Obesity},
  journal= {{PEDIATRICS}}
}

